@article{proudfoot2010community,
  title={Community attitudes to the appropriation of mobile phones for monitoring and managing depression, anxiety, and stress},
  author={Proudfoot, Judith G and Parker, Gordon B and Pavlovic, Dusan Hadzi and Manicavasagar, Vijaya and Adler, Einat and Whitton, Alexis E},
  journal={Journal of medical Internet research},
  volume={12},
  number={5},
  pages={e64},
  year={2010},
  publisher={JMIR Publications Inc., Toronto, Canada}
}

@techreport{world2019special,
  title={The WHO special initiative for mental health ( 2019-2023): universal health coverage for mental health},
  author={World Health Organization and others},
  year={2019},
  institution={World Health Organization}
}

@article{monroe1991diathesis,
  title={Diathesis-stress theories in the context of life stress research: implications for the depressive disorders.},
  author={Monroe, Scott M and Simons, Anne D},
  journal={Psychological bulletin},
  volume={110},
  number={3},
  pages={406},
  year={1991},
  publisher={American Psychological Association}
}

@article{nezlek2008regulating,
  title={Regulating positive and negative emotions in daily life},
  author={Nezlek, John B and Kuppens, Peter},
  journal={Journal of personality},
  volume={76},
  number={3},
  pages={561--580},
  year={2008},
  publisher={Wiley Online Library}
}

@article{hanada2018correspondence,
  title={Correspondence analysis of color--emotion associations},
  author={Hanada, Mitsuhiko},
  journal={Color Research \& Application},
  volume={43},
  number={2},
  pages={224--237},
  year={2018},
  publisher={Wiley Online Library}
}

@article{valdez1994effects,
  title={Effects of color on emotions.},
  author={Valdez, Patricia and Mehrabian, Albert},
  journal={Journal of experimental psychology: General},
  volume={123},
  number={4},
  pages={394},
  year={1994},
  publisher={American Psychological Association}
}

@article{burns2011harnessing,
  title={Harnessing context sensing to develop a mobile intervention for depression},
  author={Burns, Michelle Nicole and Begale, Mark and Duffecy, Jennifer and Gergle, Darren and Karr, Chris J and Giangrande, Emily and Mohr, David C},
  journal={Journal of medical Internet research},
  volume={13},
  number={3},
  pages={e55},
  year={2011},
  publisher={JMIR Publications Inc., Toronto, Canada}
}

@techreport{world2017depression,
  title={Depression and other common mental disorders: global health estimates},
  author={World Health Organization and others},
  year={2017},
  institution={World Health Organization}
}
@book{american2013diagnostic,
  title={Diagnostic and statistical manual of mental disorders (DSM-5{\textregistered})},
  author={American Psychiatric Association and others},
  year={2013},
  publisher={American Psychiatric Pub}
}
@article{lopez1998global,
  title={The global burden of disease, 1990--2020},
  author={Lopez, Alan D and Murray, Christopher CJL},
  journal={Nature medicine},
  volume={4},
  number={11},
  pages={1241--1243},
  year={1998},
  publisher={Nature Publishing Group}
}

@inproceedings{sanches2019hci,
  title={HCI and Affective Health: Taking stock of a decade of studies and charting future research directions},
  author={Sanches, Pedro and Janson, Axel and Karpashevich, Pavel and Nadal, Camille and Qu, Chengcheng and Daud{\'e}n Roquet, Claudia and Umair, Muhammad and Windlin, Charles and Doherty, Gavin and H{\"o}{\"o}k, Kristina and others},
  booktitle={Proceedings of the 2019 CHI Conference on Human Factors in Computing Systems},
  pages={1--17},
  year={2019}
}
@article{torous2017ethical,
  title={The ethical use of mobile health technology in clinical psychiatry},
  author={Torous, John and Roberts, Laura Weiss},
  journal={The Journal of nervous and mental disease},
  volume={205},
  number={1},
  pages={4--8},
  year={2017},
  publisher={LWW}
}
@article{mennin2014emotion,
  title={Emotion regulation therapy},
  author={Mennin, Douglas S and Fresco, David M},
  journal={Handbook of emotion regulation},
  volume={2},
  pages={469--490},
  year={2014}
}
@article{hauge2002understanding,
  title={Understanding attributes that contribute to pleasure in product use},
  author={Hauge-Nilsen, Anne-Lise and Flyte, Margaret Galer},
  journal={Pleasure with products: beyond usability},
  pages={257--270},
  year={2002},
  publisher={CRC}
}

@article{kessler2001prevalence,
  title={The prevalence and correlates of untreated serious mental illness.},
  author={Kessler, Ronald C and Berglund, Patricia A and Bruce, Martha L and Koch, J Randy and Laska, Eugene M and Leaf, Philip J and Manderscheid, Ronald W and Rosenheck, Robert A and Walters, Ellen E and Wang, Philip S},
  journal={Health services research},
  volume={36},
  number={6 Pt 1},
  pages={987},
  year={2001},
  publisher={Health Research \& Educational Trust}
}

@article{arnrich2010pervasive,
  title={Pervasive healthcare},
  author={Arnrich, Bert and Mayora, Oscar and Bardram, Jakob and Tr{\"o}ster, Gerhard},
  journal={Methods of information in medicine},
  volume={49},
  number={01},
  pages={67--73},
  year={2010},
  publisher={Citeseer}
}

@incollection{hao2014visual,
  title={A visual feedback design based on a brain-computer interface to assist users regulate their emotional state},
  author={Hao, Yu and Budd, James and Jackson, Melody Moore and Sati, Mukul and Soni, Sandeep},
  booktitle={CHI'14 Extended Abstracts on Human Factors in Computing Systems},
  pages={2491--2496},
  year={2014}
}
